@online{radiation,
	author = {Kevin Vo and Mateo Hernandez and Nikita Patel},
	title = {Electromagnetic Radiation},
	year = {c2023},
	urldate = {2023-12-17},
	url = {https://chem.libretexts.org/Bookshelves/Physical_and_Theoretical_Chemistry_Textbook_Maps/Supplemental_Modules_(Physical_and_Theoretical_Chemistry)/Spectroscopy/Fundamentals_of_Spectroscopy/Electromagnetic_Radiation},
	langid = {english}
}

@online{intensity,
	organization = {Biological Innovation and Optimization Systems},
	title = {How to Measure Light Intensity},
	year = {c2023},
	urldate = {2023-12-17},
	url = {https://bioslighting.com/how-to-measure-light-intensity/architectural-lighting/},
	langid = {english}
}
